@Manual{Boeing,
	author = {TARABA, M.},
	organization = {Boeing},
	title = {Boeing's CubeSat TestBed 1 Attitude Determination Design and On-Orbit Experience},
	address = {Huntington Beach},
	pages = {9},
	year = {2007}}

@Manual{CANX,
	organization = {Sharing Earth Observation Resources},
	title = {CANX-2 - eoPortal Directory - Satellite Missions},
	url = {https://directory.eoportal.org/web/eoportal/satellite-missions/c-missions/canx-2},
	urlaccessdate = {16 de março de 2015},
	year = {2013}}

@Manual{ESA,
	organization = {European Space Agency (ESA)},
	title = {Central and eastern Europe make history with small satellites},
	url = {http://www.esa.int/Education/Central_and_eastern_Europe_make_history_with_small_satellites},
	urlaccessdate = {16 de março de 2015},
	year = {2012}}

@Manual{AEB,
	organization = {AgÊncia Espacial Brasileira (AEB)},
	title = {CubeSat brasileiro lançado com sucesso da Estação Espacial Internacional},
	url = {http://www.aeb.gov.br/cubsat-brasileiro-lancado-com-sucesso-da-estacao-espacial-internacional/},
	urlaccessdate = {16 de março de 2015},
	year = {2015}}
	
@Manual{CalPoly,
	organization = {California Polytechnic State University},
	title = {CubeSat Design Specification},
	address = {San Luis Obispo},
	pages = {42},
	year = {2014}}
	
@Manual{NASA,
	organization = {National Aeronautics and Space Administration (NASA)},
	title = {CubeSat ELaNa III Launch on NPP Mission},
	url = {http://www.nasa.gov/directorates/heo/home/CubeSats_initiative.html#.VQyA-_nF-6w},
	urlaccessdate = {20 de março de 2015},
	year = {2011}}
	
@Manual{DIY,
	organization = {DIY Space Exploration},
	title = {CubeSats explained and why you should build one},
	url = {http://www.diyspaceexploration.com/what-are-cubesats/},
	urlaccessdate = {28 de abril de 2015},
	year = {2015}}
	
@Manual{CUTE,
	organization = {Sharing Earth Observation Resources},
	title = {CUTE-1 - eoPortal Directory - Satellite Missions},
	url = {https://directory.eoportal.org/web/eoportal/satellite-missions/c-missions/cute-i},
	urlaccessdate = {16 de maio de 2015},
	year = {2003}}

@Manual{ITA,
	organization = {Intituto TecnolÓgico de AeronÁutica},
	title = {Falha deixa CubeSat nacional inoperante},
	url = {http://www.ita.br/noticias/falhadeixacubesatnacionalinoperante},
	urlaccessdate = {23 de março de 2015},
	year = {2015}}
	
@Manual{SpaceNews,
	organization = {SpaceNews},
	title = {Planet Labs CubeSats Deployed from ISS with Many More To Follow},
	url = {http://spacenews.com/39459planet-labs-cubesats-deployed-from-iss-with-many-more-to-follow/},
	urlaccessdate = {23 de março de 2015},
	year = {2014}}
	
@Manual{PolySat,
	organization = {California Polytechnic State University},
	title = {PolySat},
	url = {http://polysat.calpoly.edu/},
	urlaccessdate = {16 de maio de 2015},
	year = {2013}}
	
@Manual{SmallSat,
	organization = {American Institute of Aeronautics and Astronautics, Inc.},
	title = {Small Satellites: Past, Present, and Future},
	address = {Reston},
	editor = {HELVAJIAN, H.; Jason, S. W.},
	publisher = {The Aerospace Press},
	pages = {59},
	year = {2008}}
		
@Manual{Vermont,
	author = {BRANDON, C. S.},
	title = {Vermont Lunar CubeSat - Gunter's Space Project},
	url = {http://space.skyrocket.de/doc_sdat/vermont-lunar-cubesat-1.htm},
	urlaccessdate = {16 de maio de 2015},
	year = {2013}}

@Manual{AIT,
	author = {BÜRGER, E. E.},
	organization = {Instituto Nacional de Pesquisas Espaciais (INPE)},
	title = {Proposta de método para AIT de pico e nanossatélites},
	address = {São José dos Campos},
	pages = {308},
	year = {2014}}

@Manual{Carrara,
	author = {CARRARA, V.; MILANI, P. G.},
	organization = {Instituto Nacional de Pesquisas Espaciais (INPE)},
	title = {Controle de uma mesa de mancal a ar de um eixo},
	address = {São José dos Campos},
	pages = {6},
	year = {2007}}

@Manual{Ericksson,
	author = {ERICKSSON, G.},
	organization = {Lulea University of Technology},
	title = {A research study and design concept to improve reaction wheels for precision CubeSat attitude control},
	address = {Lulea},
	pages = {89},
	year = {2012}}

@Manual{FrancLav,
	author = {FRANCOIS-LAVET, V.},
	organization = {University of Liege},
	title = {Study of passive and active attitude control systems for the OUFTI nanosatellites},
	address = {Liege},
	pages = {101},
	year = {2010}}

@Manual{Luka,
	author = {LUKASZYNSKI, P. G.},
	organization = {University of Toronto},
	title = {Attitude control hardware and sofware for nanosatellites},
	address = {Toronto},
	pages = {111},
	year = {2013}}

@Manual{Martins,
	author = {MARTINS, F. A.},
	organization = {Instituto Nacional de Pesquisas Espaciais (INPE)},
	title = {Projeto e desenvolvimento de um controlador de motores "brushless" (BLDC) para aplicação em volantes de inércia},
	address = {São José dos Campos},
	pages = {143},
	year = {2014}}

@Manual{MCKAY,
	author = {MCKAY, N.; MILLER, D.},
	title = {Aerospades},
	url = {http://www.aerospades.com/uploads/3/7/3/2/37325123/xsas_aiaa_region_iii_student_conference.pdf},
	urlaccessdate = {16 de maio de 2015},
	year = {2011}}

@Manual{MORAES,
	author = {MORAES, R.},
	title = {geofísica - Fluxo reverso no núcleo terrestre gera anomalia magnética},
	url = {http://www.usp.br/agen/repgs/2006/pags/022.htm},
	urlaccessdate = {09 de maio de 2015},
	year = {2006}}

@Manual{CubeSat,
	author = {PALUSZEK, M.; CASTRO, E.; HYLAND, D.},
	title = {The CubeSat Book},
	address = {Princeton},
	publisher = {Princeton Satellite Systems},
	edition = {1},
	year = {2010}}

@Manual{SANTANA,
	author = {SANTANA, A. C.},
	organization = {Universidade Federal de Ouro Preto},
	title = {Controle de atitude de satélites artificiais},
	address = {Ouro Preto},
	pages = {65},
	year = {2008}}

@Manual{TWIGGS,
	author = {Twiggs, R.},
	title = {QuakeFinder - About QuakeSat},
	url = {https://www.quakefinder.com/science/about-quakesat/},
	urlaccessdate = {16 de maio de 2015},
	year = {2003}}

@Manual{AAUSAT,
	organization = {Aalborg University},
	title = {AAUSAT4},
	url = {http://www.space.aau.dk/aausat4/},
	urlaccessdate = {16 de maio de 2015},
	year = {2014}}

@Manual{IMU,
	organization = {Sparkfun},
	title = {HMC6343},
	url = {https://www.sparkfun.com/products/12916},
	urlaccessdate = {16 de maio de 2015},
	year = {2015}}

@Manual{Prop,
	organization = {University of Michigan},
	title = {PEPL Thrusters: CubeSat Ambipolar Thruster},
	url = {http://pepl.engin.umich.edu/thrusters/CAT.html},
	urlaccessdate = {23 de março de 2015},
	year = {2013}}

@Manual{SWR,
	organization = {Sharing Earth Observation Resources},
	title = {Earth Observation Resources},
	url = {https://directory.eoportal.org/documents/163813/415765/BRITE_Auto12},
	urlaccessdate = {23 de março de 2015},
	year = {2013}}

@Manual{3RW,
	organization = {design products and applications},
	title = {Satellite positioning using miniature dc motors},
	url = {http://www.dpaonthenet.net/article/57375/Satellite-positioning-using-miniature-dc-motors.aspx},
	urlaccessdate = {06 de julho de 2015},
	year = {2013}}

@Manual{NASABLDC,
	organization = {NASA},
	title = {Lessons Learned: Selection of Electric Motors for Aerospace Application},
	url = {http://llis.nasa.gov/lesson/893},
	urlaccessdate = {13 de julho de 2015},
	year = {1999}}